@article{lenat77,
    author = {Douglas B. Lenat},
    title = {The ubiquity of discovery},
    journal = {Artificial Intelligence},
    volume = {9},
    number = {3},
    pages = {257--285},
    year = {1977},
    doi = {10.1016/0004-3702(77)90024-8},
    url = {https://www.sciencedirect.com/science/article/pii/0004370277900248}
}

@inproceedings{welleck22,
    author = {Welleck, Sean and Liu, Jiacheng and Lu, Ximing and Hajishirzi, Hannaneh and Choi, Yejin},
    booktitle = {Advances in Neural Information Processing Systems},
    editor = {S. Koyejo and S. Mohamed and A. Agarwal and D. Belgrave and K. Cho and A. Oh},
    pages = {4913--4927},
    publisher = {Curran Associates, Inc.},
    title = {NaturalProver: Grounded Mathematical Proof Generation with Language Models},
    url = {https://proceedings.neurips.cc/paper_files/paper/2022/file/1fc548a8243ad06616eee731e0572927-Paper-Conference.pdf},
    volume = {35},
    year = {2022}
}

@misc{azerbayev23,
    title={{ProofNet}: Autoformalizing and Formally Proving Undergraduate-Level Mathematics}, 
    author={Zhangir Azerbayev and Bartosz Piotrowski and Hailey Schoelkopf and Edward W. Ayers and Dragomir Radev and Jeremy Avigad},
    year={2023},
    eprint={2302.12433},
    archivePrefix={arXiv},
    primaryClass={cs.CL}
}

@inproceedings{han22,
    author = {Jesse Michael Han and Jason Rute and Yuhuai Wu and Edward W. Ayers and Stanislas Polu},
    title = {Proof Artifact Co-Training for Theorem Proving with Language Models},
    booktitle  = {The Tenth International Conference on Learning Representations, {ICLR} 2022, Virtual Event, April 25-29, 2022},
    publisher = {OpenReview.net},
    year = {2022},
    url = {https://openreview.net/forum?id=rpxJc9j04U}
}

@inproceedings{alemi16,
    author       = {Geoffrey Irving and Christian Szegedy and Alexander A. Alemi and Niklas E{\'{e}}n and Fran{\c{c}}ois Chollet and Josef Urban},
    editor       = {Daniel D. Lee and Masashi Sugiyama and Ulrike von Luxburg and Isabelle Guyon and Roman Garnett},
    title        = {{DeepMath}--Deep Sequence Models for Premise Selection},
    booktitle    = {Advances in Neural Information Processing Systems 29: Annual Conference on Neural Information Processing Systems 2016, December 5-10, 2016, Barcelona, Spain},
    pages        = {2235--2243},
    year         = {2016},
    url          = {https://proceedings.neurips.cc/paper/2016/hash/f197002b9a0853eca5e046d9ca4663d5-Abstract.html}
}

@inproceedings{wang17,
    author = {Mingzhe Wang and Yihe Tang and Jian Wang and Jia Deng},
    editor = {Isabelle Guyon and Ulrike von Luxburg and Samy Bengio and Hanna M. Wallach and Rob Fergus and S. V. N. Vishwanathan and Roman Garnett},
    title = {Premise Selection for Theorem Proving by Deep Graph Embedding},
    booktitle = {Advances in Neural Information Processing Systems 30: Annual Conference on Neural Information Processing Systems 2017, December 4-9, 2017, Long Beach, CA, {USA}},
    pages = {2786--2796},
    year = {2017},
    url = {https://proceedings.neurips.cc/paper/2017/hash/18d10dc6e666eab6de9215ae5b3d54df-Abstract.html}
}

@inproceedings{lample22,
    author = {Guillaume Lample and Timoth{\'{e}}e Lacroix and Marie{-}Anne Lachaux and Aur{\'{e}}lien Rodriguez and Amaury Hayat and Thibaut Lavril and Gabriel Ebner and Xavier Martinet},
    title = {{HyperTree} Proof Search for Neural Theorem Proving},
    booktitle = {Advances in Neural Information Processing Systems},
    year = {2022},
    url = {http://papers.nips.cc/paper\_files/paper/2022/hash/a8901c5e85fb8e1823bbf0f755053672-Abstract-Conference.html}
}

@misc{polu20,
    title = {Generative Language Modeling for Automated Theorem Proving}, 
    author = {Stanislas Polu and Ilya Sutskever},
    year = {2020},
    eprint = {2009.03393},
    archivePrefix = {arXiv},
    primaryClass = {cs.LG},
    url = {https://doi.org/10.48550/arXiv.2009.03393}
}

@misc{bansal20,
    title = {Learning to Reason in Large Theories without Imitation}, 
    author = {Kshitij Bansal and Christian Szegedy and Markus N. Rabe and Sarah M. Loos and Viktor Toman},
    year = {2020},
    eprint = {1905.10501},
    archivePrefix = {arXiv},
    primaryClass = {cs.LG},
    url = {https://doi.org/10.48550/arXiv.1905.10501}
}

@inproceedings{paliwal20,
    author = {Aditya Paliwal and Sarah M. Loos and Markus N. Rabe and Kshitij Bansal and Christian Szegedy},
    title = {Graph Representations for Higher-Order Logic and Theorem Proving},
    booktitle = {The Thirty-Fourth {AAAI} Conference on Artificial Intelligence, {AAAI} 2020, The Thirty-Second Innovative Applications of Artificial Intelligence Conference, {IAAI} 2020, The Tenth {AAAI} Symposium on Educational Advances in Artificial Intelligence, {EAAI} 2020, New York, NY, USA, February 7-12, 2020},
    pages = {2967--2974},
    publisher = {{AAAI} Press},
    year = {2020},
    url = {https://ojs.aaai.org/index.php/AAAI/article/view/5689}
}

@inproceedings{bansal19,
    author = {Kshitij Bansal and Sarah M. Loos and Markus N. Rabe and Christian Szegedy and Stewart Wilcox},
    editor = {Kamalika Chaudhuri and Ruslan Salakhutdinov},
    title = {HOList: An Environment for Machine Learning of Higher Order Logic Theorem Proving},
    booktitle = {Proceedings of the 36th International Conference on Machine Learning, {ICML} 2019, 9-15 June 2019, Long Beach, California, {USA}},
    series = {Proceedings of Machine Learning Research},
    volume = {97},
    pages = {454--463},
    publisher = {{PMLR}},
    year = {2019},
    url = {http://proceedings.mlr.press/v97/bansal19a.html}
}

@InProceedings{harrison09,
    author = "Harrison, John",
    editor = "Berghofer, Stefan and Nipkow, Tobias    and Urban, Christian    and Wenzel, Makarius",
    title = "HOL Light: An Overview",
    booktitle = "Theorem Proving in Higher Order Logics",
    year = "2009",
    publisher="Springer Berlin Heidelberg",
    address="Berlin, Heidelberg",
    pages="60--66"
}



@misc{proofwiki,
  title = {Pr$\infty$fWiki},
  howpublished = {\url{https://proofwiki.org/}},
  note = {Accessed: 2023-06-05}
}

@inproceedings{kaliszyk17,
    author = {Cezary Kaliszyk and Fran{\c{c}}ois Chollet and Christian Szegedy},
    title = {{HolStep}: {A} Machine Learning Dataset for Higher-order Logic Theorem Proving},
    booktitle = {The Fifth International Conference on Learning Representations, {ICLR} 2017, Toulon, France, April 24-26, 2017, Conference Track Proceedings},
    publisher = {OpenReview.net},
    year = {2017},
    url = {https://openreview.net/forum?id=ryuxYmvel},
}

@inproceedings{fastText2018,
  title={Advances in Pre-Training Distributed Word Representations},
  author={Mikolov, Tomas and Grave, Edouard and Bojanowski, Piotr and Puhrsch, Christian and Joulin, Armand},
  booktitle={Proceedings of the International Conference on Language Resources and Evaluation (LREC 2018)},
  year={2018}
}

@article{scikit-learn,
 title={Scikit-learn: Machine Learning in {P}ython},
 author={Pedregosa, F. and Varoquaux, G. and Gramfort, A. and Michel, V.
         and Thirion, B. and Grisel, O. and Blondel, M. and Prettenhofer, P.
         and Weiss, R. and Dubourg, V. and Vanderplas, J. and Passos, A. and
         Cournapeau, D. and Brucher, M. and Perrot, M. and Duchesnay, E.},
 journal={Journal of Machine Learning Research},
 volume={12},
 pages={2825--2830},
 year={2011}
}

@inproceedings{node2vec,
author = {Grover, Aditya and Leskovec, Jure},
title = {Node2vec: Scalable Feature Learning for Networks},
year = {2016},
isbn = {9781450342322},
publisher = {Association for Computing Machinery},
address = {New York, NY, USA},
url = {https://doi.org/10.1145/2939672.2939754},
doi = {10.1145/2939672.2939754},
pages = {855–864},
numpages = {10},
location = {San Francisco, California, USA},
series = {KDD '16}
}

@article{rehurek2011gensim,
  title={Gensim--python framework for vector space modelling},
  author={Rehurek, Radim and Sojka, Petr},
  journal={NLP Centre, Faculty of Informatics, Masaryk University, Brno, Czech Republic},
  volume={3},
  number={2},
  year={2011}
}

@misc{Agda-UniMath,
  author =     {Egbert Rijke and Elisabeth Bonnevier and Jonathan Prieto-Cubides and others},
  title =     {Univalent mathematics in {Agda}},
  url =         {https://github.com/UniMath/agda-unimath/},
  howpublished = {\url{https://unimath.github.io/agda-unimath/}}
}


@misc{Agda-stdlib,
  author =     {Nils Anders Danielsson and Matthew Daggitt and Guillaume Allais
with contributions from Andreas Abel and Stevan Andjelkovic and
Jean-Philippe Bernardy and Peter Berry and Bradley Hardy Joachim Breitner and
Samuel Bronson and Daniel Brown and Jacques Carette and James Chapman and
Liang-Ting Chen and Dominique Devriese and Dan Doel and Érdi Gergő and
Zack Grannan and Helmut Grohne and Simon Foster and Liyang Hu and Jason Hu and
Patrik Jansson and Alan Jeffrey and Wen Kokke and Evgeny Kotelnikov and
Sergei Meshveliani and Eric Mertens and Darin Morrison and Guilhem Moulin and
Shin-Cheng Mu and Ulf Norell and Noriyuki Ohkawa and Nicolas Pouillard and
Andrés Sicard-Ramírez and Lex van der Stoep and Sandro Stucki and Milo Turner and
Noam Zeilberger and others},
  title =     {The Agda standard library, version 2.0},
  url =         {https://github.com/agda/agda-stdlib},
  howpublished = {\url{https://github.com/agda/agda-stdlib}}
}

@Misc{agda,
  key =       {Agda},
  title =     {{The {Agda} proof assistant}},
  howpublished = {\url{https://wiki.portal.chalmers.se/agda/}},
}

@Misc{coq,
  key = {Coq},
  title = {{The {Coq} proof assistant}},
  howpublished = {\url{https://coq.inria.fr/}}
}

@Misc{mathlib,
  key = {Mathlib},
  title = {{The {Mathlib} library}},
  howpublished = {\url{https://leanprover-community.github.io}}
}

@misc{mathlib-preprint,
    title={The {Lean} mathematical library}, 
    author={The Mathlib community},
    year={2019},
    eprint={1910.09336},
    archivePrefix={arXiv},
    primaryClass={cs.LO}
}


@inproceedings{lean,
  author    = {Leonardo de Moura and
               Soonho Kong and
               Jeremy Avigad and
               Floris van Doorn and
               Jakob von Raumer},
  title     = {The {Lean} Theorem Prover (System Description)},
  booktitle = {{25th International Conference on Automated Deduction (CADE 25)}},
  year      = {2015},
  month     = {August},
  doi       = {10.1007/978-3-319-21401-6_26}
}

@inproceedings{ML75,
  author = {Per Martin-Löf},
  title = {An {Intuitionistic Theory} of {Types}: {Predicative Part}},
  booktitle = {Logic Colloquium '73},
  series = {Studies in {Logic} and the {Foundations} of {Mathematics}},
  year = {1975},
  month = {July},
  address = {Bristol},
  editor = {H.E. Rose and J.C. Shepherdson},
  volume = {80},
  pages = {73--118},
}

@article{CoquandT:coc,
  author = "Th. Coquand and G. Huet",
  title = "The Calculus of Constructions",
  journal = "Information and Computation",
  year = "1988",
  volume = 76
}

@Misc{hol_inter_theor_prover,
  key =       {HOL},
  title =     {{HOL} {I}nteractive {T}heorem {P}rover},
  howpublished = {Available at \url{https://hol-theorem-prover.org}}
}

@Misc{isabelle,
  key =       {Isabelle},
  title =     {Isabelle proof assistant},
  howpublished = {Available at \url{https://isabelle.in.tum.de}}
}

@Misc{harrison:_hol_light,
  key =       {HOL light},
  author =    {John Harrison},
  title =     {The {HOL} {Light} theorem prover},
  howpublished = {Available at \url{https://www.cl.cam.ac.uk/~jrh13/hol-light/}}
}

@article{church40,
  author    = {Alonzo Church},
  title     = {A Formulation of the Simple Theory of Types},
  journal   = {Journal of Symbolic Logic},
  volume    = 5,
  number    = 2,
  pages     = {56--68},
  year      = 1940,
  doi       = {10.2307/2266170},
}

@InProceedings{bruijn70:_autom,
  author =       {Bruijn, de NG},
  title =        {The mathematical language AUTOMATH, its usage and some of its extensions},
  booktitle = {Symposium on Automatic Demonstration, Versailles, 1968},
  year =      1970,
  volume =    125,
  series =    {Lecture Notes in Mathematics},
  pages =     {29--61}}

