@misc{agda_docs,
    title = {Agda Documentation},
    author = {{Agda Developers}},
    howpublished = {\url{https://agda.readthedocs.io/en/latest/overview.html}},
}


@misc{andrej,
    author = {{Andrej Bauer}},
    title = {{Agda S-expression Extractor}},
    howpublished = {\url{https://github.com/andrejbauer/agda/tree/release-2.7.0.1-sexp?tab=readme-ov-file},}
}

